@article{Lapa_Hughes_2019,
  title = {Semiclassical wave packet dynamics in nonuniform electric fields},
  author = {Lapa, Matthew F. and Hughes, Taylor L.},
  journal = {Phys. Rev. B},
  volume = {99},
  issue = {12},
  pages = {121111},
  numpages = {5},
  year = {2019},
  month = {Mar},
  publisher = {American Physical Society},
  doi = {10.1103/PhysRevB.99.121111},
  url = {https://link.aps.org/doi/10.1103/PhysRevB.99.121111}
}
